@misc {arscryptolocker,
  title		= {{Youâ€™re infected -- if you want to see your data again, pay us \$300 in Bitcoins}},
  author        = {Dan Goodin},
  year          = {2013},
  month         = {October},
  day           = {17},
  organization  = {Ars Technica},
  url		= {http://arstechnica.com/security/2013/10/youre-infected-if-you-want-to-see-your-data-again-pay-us-300-in-bitcoins/},
}

@misc {aslp,
  title		= {{Address Space Layour Permutation(ASLP): Towards Fine-Grained Randomization of Commodity Software}},
  author        = {Chongkyung Kil and Jinsuk Jun and Christopher Bookholt and Jun Xu and Peng Ning},
  year          = {2006},
  organization  = {Department of Computer Science, North Carolina State University},
  url		= {http://ieeexplore.ieee.org/xpl/login.jsp?tp=&arnumber=4041179&url=http%3A%2F%2Fieeexplore.ieee.org%2Fxpls%2Fabs_all.jsp%3Farnumber%3D4041179},
}
