@manual{aslp,
  author  = {Chongkyung Kil and Jinsuk Jun and Christopher Bookholt and Jun Xu and Peng Ning}, 
  title   = {Address Space Layout Permutation (ASLP): Towards Fine-Grained Randomization of Commodity Software},
  organization = {Department of Computer Science North Carolina State University},
  year    = {2006}
}

@manual{sideChannelAttack,
  author  = {Jeff Seibert and Hamed Okhravi and Eric Söderström}, 
  title   = {Information Leaks Without Memory Disclosures: Remote Side Channel Attacks on Diversified Code},
  organization = {MIT Lincoln Laboratory},
  year    = {2014}
}

@manual{instrRandomization,
  author  = {Gaurav S. Kc and Angelos Keromytis and Vassilis Prevelakis}, 
  title   = {Countering Code-Injection Attacks With Instruction-Set Randomization},
  organization = {Computer Science Department Columbia University},
  year    = {2003}
}

@manual{osvdb,
  author = {Grupa autora},
  title = {Open Source Vulnerability Database},
  year = {2014},
  month = {prosinac},
  url = {http://osvdb.org/}
}

@manual{memCorruptionHistory,
  author  = {Haroon Meer}, 
  title   = {Memory Corruption Attacks The (almost) Complete History},
  organization = {Thinkst Applied Research},
  year    = {2010},
  url = {https://media.blackhat.com/bh-us-10/whitepapers/Meer/BlackHat-USA-2010-Meer-History-of-Memory-Corruption-Attacks-wp.pdf}
}

@manual{pe_part1,
  author  = {Matt Pietrek}, 
  title   = {An In-Depth Look into the Win32 Portable Executable File Format part 1},
  organization = {MSDN Magazine},
  year    = {2002},
  url = {http://msdn.microsoft.com/en-us/magazine/cc301805.aspx}
}

@manual{pe_part2,
  author  = {Matt Pietrek}, 
  title   = {An In-Depth Look into the Win32 Portable Executable File Format part 2},
  organization = {MSDN Magazine},
  year    = {2002},
  url = {http://msdn.microsoft.com/en-us/magazine/cc301808.aspx}
}

@manual{pe_format,
  author = {Grupa autora},
  title = {Portable Executable (PE)},
  year = {2014},
  month = {prosinac},
  url = {http://wiki.osdev.org/PE}
}

@manual{dos_stub,
  author = {Daniel B. Sedory},
  title = {A Guide to Debug the Microsoft Windows .EXE DOS Stub Program},
  year = {2014},
  month = {prosinac},
  url = {http://thestarman.pcministry.com/asm/debug/DOSstub.htm}
}

@manual{dep,
  author = {Grupa autora},
  title = {DEP Data Execution Prevention},
  organization = {Maxi Pedia},
  year = {2012},
  url = {http://www.maxi-pedia.com/DEP+Data+Execution+Prevention}
}

@manual{pae_ms,
  author = {Microsoft Developers},
  title = {Physical Address Extension},
  year = {2014},
  month = {studeni},
  url = {http://msdn.microsoft.com/en-us/library/windows/desktop/aa366796(v=vs.85).aspx}
}

@manual{aslr_dep_stack,
  title = {Address Space Layout Randomization},
  year = {2014},
  month = {studeni},
  url = {http://security.stackexchange.com/questions/18556/how-do-aslr-and-dep-work}
}

@manual{aslr_digital_bond,
  title = {Address Space Layout Randomization (ASLR)},
  year = {2014},
  month = {prosinac},
  url = {http://www.digitalbond.com/scadapedia/security-controls/address-space-layout-randomization-aslr/}
}

@manual{dep_ms,
  author = {Microsoft}, 
  title = {Detaljan opis značajke Data Execution Prevention (DEP)},
  year = {2014},
  month = {prosinac},
  url = {http://support2.microsoft.com/kb/875352}
}

@manual{pe_spec,
  author = {Microsoft}, 
  title = {Portable Executable and Object File Format Specification},
  url = {http://support2.microsoft.com/kb/875352}
}

@manual{buff_overflow,
  title = {Buffer Overflow},
  year = {2014},
  month = {listopad},
  url = {https://www.owasp.org/index.php/Buffer_Overflow}
}

@manual{heapOverflow_infosec,
  author = {ViperEye},
  title = {Heap Overflow: Vulnerability and Heap Internals Exoplained},
  year = {2013},
  month = {rujan},
  url = {http://resources.infosecinstitute.com/heap-overflow-vulnerability-and-heap-internals-explained/}
}

@manual{heapOverflow_aa,
  author = {Alexander Anisimov},
  title = {Defeating Microsoft Windows XP SP2 Heap Protection and DEP bypass},
  organization = {Positive Technologies},
}

@manual{heapOverflow_mathy,
  author = {Mathy Vanhoef},
  title = {Understanding the Heap and Exploiting Heap Overflows},
  year = {2013},
  month = {veljača},
  url = {http://www.mathyvanhoef.com/2013/02/understanding-heap-exploiting-heap.html}
}

@manual{formatStringArrack,
  author = {Alex Reece},
  title = {Introduction to Format String Exploits},
  year = {2013},
  month = {svibanj},
  url = {http://codearcana.com/posts/2013/05/02/introduction-to-format-string-exploits.html#fn:1}
}

@manual{formatString_owasp,
  title = {Format String Attack},
  year = {2009},
  organization = {OWASP},
  month = {svibanj},
  url = {https://www.owasp.org/index.php/Format_string_attack}
}

@manual{doubleFree_owasp,
  title = {Double Free},
  year = {2014},
  organization = {OWASP},
  month = {lipanj},
  url = {https://www.owasp.org/index.php/Double_Free}
}

@manual{doubleFree_bh_paper,
  author = {Justin N. Ferguson},
  title = {Understanding the heap by breaking it},
  year = {2007},
  organization = {IOActive},
  url = {https://www.blackhat.com/presentations/bh-usa-07/Ferguson/Whitepaper/bh-usa-07-ferguson-WP.pdf}
}

@manual{rop_official,
  author  = {Ryan Roemer and Erik Buchanan and Hovav Shacham and Stefan Savage}, 
  title   = {Return-Oriented Programming: Systems, Languages and Applications},
  organization = {University of California, San Diego},
  year    = {2007}
}

@manual{ret2lib_official,
  author  = {Solar Designer}, 
  title   = {Getting around non-executable stack (and fix)},
  year    = {1997}
}

@manual{distorm,
  author  = {Gil Dabah}, 
  title   = {Distorm - Powerful Disassembler Library For x86/AMD64},
  organization = {Distorm},
  year    = {2014}
}

@manual{bea_engine,
  author  = {Grupa Autora}, 
  title   = {BeaEngine},
  year    = {2014},
  url 	  = {http://www.beaengine.org/index.html}
}

@manual{rop_saumil,
  author = {Saumil Shah},
  title = {Return Oriented Programming: Introduction and Core Concepts},
  year = {2013},
  url = {http://www.slideshare.net/saumilshah/dive-into-rop-a-quick-introduction-to-return-oriented-programming}
}

@manual{pax_test,
  author = {Javier Fernandez-Sanguino},
  title = {PaX test - man page},
  year = {2014},
  url = {http://manpages.ubuntu.com/manpages/hardy/man1/paxtest.1.html}
}

@manual{ida,
  title = {Ida Pro},
  organization = {Hex-Rays},
  year = {2014},
  url = {https://www.hex-rays.com/products/ida/index.shtml}
}

@manual{peview,
  author = {Wayne J. Radburn},
  title = {PEView},
  url = {http://wjradburn.com/software/}
}

@manual{lordpe,
  author = {y0da},
  title = {LordPE},
  url = {http://www.woodmann.com/collaborative/tools/index.php/LordPE}
}

@manual{bh_permutator,
  author = {Bruno Humić},
  title = {PErmutator},
  year = {2014},
  url = {https://github.com/bhumic/PErmutator}
}

@manual{graphviz,
  author = {Grupa autora},
  title = {Graphviz},
  url = {http://www.graphviz.org/Home.php}
}